<record><leader>00000cas a22000007a 4500</leader><controlfield tag="001">12230955</controlfield><controlfield tag="008">850703d18941895wiuwr ne      0    0eng d</controlfield><datafield ind1=" " ind2=" " tag="010"><subfield code="a">sn 85040838 </subfield></datafield><datafield ind1=" " ind2=" " tag="040"><subfield code="a">NPV</subfield><subfield code="b">eng</subfield><subfield code="c">NPV</subfield><subfield code="d">OCLCQ</subfield></datafield><datafield ind1=" " ind2=" " tag="042"><subfield code="a">msc</subfield></datafield><datafield ind1=" " ind2=" " tag="045"><subfield code="a">w9w9</subfield></datafield><datafield ind1=" " ind2=" " tag="052"><subfield code="a">4123</subfield><subfield code="b">J8</subfield></datafield><datafield ind1="0" ind2=" " tag="130"><subfield code="a">Wonewoc gazette (Wonewoc, Wis. : 1895)</subfield></datafield><datafield ind1="1" ind2="4" tag="245"><subfield code="a">The Wonewoc gazette.</subfield></datafield><datafield ind1=" " ind2=" " tag="260"><subfield code="a">[Wonewoc, Wis.] :</subfield><subfield code="b">H.H. Dunn,</subfield><subfield code="c">-1895.</subfield></datafield><datafield ind1=" " ind2=" " tag="300"><subfield code="a">1 v.</subfield></datafield><datafield ind1=" " ind2=" " tag="310"><subfield code="a">Weekly</subfield></datafield><datafield ind1="0" ind2=" " tag="362"><subfield code="a">-v. 1, no. 22 (Mar. 6, 1895).</subfield></datafield><datafield ind1="1" ind2=" " tag="362"><subfield code="a">Began with Oct. 17, 1894 issue.</subfield><subfield code="z">Cf. Oehlerts, d. Guide to Wis. newspapers.</subfield></datafield><datafield ind1=" " ind2=" " tag="530"><subfield code="a">Available on microfilm from The State Historical Society of Wisconsin.</subfield></datafield><datafield ind1=" " ind2=" " tag="588"><subfield code="a">Description based on: Vol. 1, no. 17 (Feb. 6, 1895).</subfield></datafield><datafield ind1=" " ind2=" " tag="752"><subfield code="a">United States</subfield><subfield code="b">Wisconsin</subfield><subfield code="c">Juneau</subfield><subfield code="d">Wonewoc.</subfield></datafield><datafield ind1="0" ind2="7" tag="785"><subfield code="t">Herald-statesman</subfield></datafield><datafield ind1="0" ind2="7" tag="785"><subfield code="t">Wonewoc gazette and herald-statesman</subfield><subfield code="w">(DLC)sn 85040839</subfield></datafield></record>